<?xml version="1.0" encoding="UTF-8"?><record xmlns="http://www.loc.gov/MARC21/slim" xmlns:cinclude="http://apache.org/cocoon/include/1.0" xmlns:zs="http://www.loc.gov/zing/srw/">
  <leader>01623cz  a2200289n  4500</leader>
  <controlfield tag="001">no 97029337 </controlfield>
  <controlfield tag="003">DLC</controlfield>
  <controlfield tag="005">20120808084457.0</controlfield>
  <controlfield tag="008">970512n| acannaab           |a ana     c</controlfield>
  <datafield tag="010" ind1=" " ind2=" ">
    <subfield code="a">no 97029337 </subfield>
  </datafield>
  <datafield tag="035" ind1=" " ind2=" ">
    <subfield code="a">(OCoLC)oca04338856</subfield>
  </datafield>
  <datafield tag="040" ind1=" " ind2=" ">
    <subfield code="a">OkS</subfield>
    <subfield code="b">eng</subfield>
    <subfield code="c">OkS</subfield>
    <subfield code="d">DLC</subfield>
  </datafield>
  <datafield tag="111" ind1="2" ind2=" ">
    <subfield code="a">Oklahoma Water and Pollution Control School</subfield>
  </datafield>
  <datafield tag="410" ind1="2" ind2=" ">
    <subfield code="a">Oklahoma Water &amp; Pollution Control Association.</subfield>
    <subfield code="b">Short School</subfield>
  </datafield>
  <datafield tag="411" ind1="2" ind2=" ">
    <subfield code="a">Oklahoma Water &amp; Pollution Control Short School</subfield>
  </datafield>
  <datafield tag="411" ind1="2" ind2=" ">
    <subfield code="a">Oklahoma Water and Pollution Control Short School</subfield>
  </datafield>
  <datafield tag="411" ind1="2" ind2=" ">
    <subfield code="a">Water and Pollution Control School</subfield>
  </datafield>
  <datafield tag="411" ind1="2" ind2=" ">
    <subfield code="a">Water Pollution &amp; Control School</subfield>
  </datafield>
  <datafield tag="411" ind1="2" ind2=" ">
    <subfield code="a">Water Works School</subfield>
  </datafield>
  <datafield tag="667" ind1=" " ind2=" ">
    <subfield code="a">THIS 1XX FIELD CANNOT BE USED UNDER RDA UNTIL THIS RECORD HAS BEEN REVIEWED AND/OR UPDATED</subfield>
  </datafield>
  <datafield tag="670" ind1=" " ind2=" ">
    <subfield code="a">Proceedings, Nov. 15-19, 1965:</subfield>
    <subfield code="b">t.p. (39th Oklahoma Water and Pollution Control School)</subfield>
  </datafield>
  <datafield tag="670" ind1=" " ind2=" ">
    <subfield code="a">Proceedings, Nov. 16-Nov. 20, 1964:</subfield>
    <subfield code="b">t.p. (38th Oklahoma Water and Pollution Control Short School) cover (Oklahoma Water and Pollution Control School)</subfield>
  </datafield>
  <datafield tag="670" ind1=" " ind2=" ">
    <subfield code="a">40th Proceedings, Nov. 14-Nov. 18, 1966:</subfield>
    <subfield code="b">t.p. (Annual Water Pollution &amp; Control School)</subfield>
  </datafield>
  <datafield tag="670" ind1=" " ind2=" ">
    <subfield code="a">42nd Proceedings, Nov. 18-22, 1968:</subfield>
    <subfield code="b">t.p. (Annual Water and Pollution Control School)</subfield>
  </datafield>
  <datafield tag="670" ind1=" " ind2=" ">
    <subfield code="a">Proceedings of the Water Works School, Nov. 13-17, 1972:</subfield>
    <subfield code="b">cover (46th Annual Water and Pollution Control School)</subfield>
  </datafield>
  <datafield tag="670" ind1=" " ind2=" ">
    <subfield code="a">Proceedings, Oct. 26-29, 1976:</subfield>
    <subfield code="b">t.p. (50th Annual Oklahoma Water and Pollution Control Association Short School)</subfield>
  </datafield>
  <datafield tag="670" ind1=" " ind2=" ">
    <subfield code="a">Proceedings of the 51st ...  Oct. 18, 19, 20, 21, 1977:</subfield>
    <subfield code="b">cover (Oklahoma Water &amp; Pollution Control Short School)</subfield>
  </datafield>
</record>